@book{oden2011introduction,
  title={An introduction to mathematical modeling: a course in mechanics},
  author={Oden, J Tinsley},
  year={2011},
  publisher={John Wiley \& Sons}
}

@book{quarteroni2010numerical,
  title={Numerical mathematics},
  author={Quarteroni, Alfio and Sacco, Riccardo and Saleri, Fausto},
  volume={37},
  year={2010},
  publisher={Springer Science \& Business Media}
}
@book{atkinson1985elementary,
  title={Elementary numerical analysis},
  author={Atkinson, Kendall E and Han, Weimin},
  year={1985},
  publisher={Wiley New York}
}